<record><leader>00000cas a2200000Ma 4500</leader><controlfield tag="001">11105024</controlfield><controlfield tag="008">840830d18691957inuwr ne      0    0eng d</controlfield><datafield ind1=" " ind2=" " tag="010"><subfield code="a">sn 84023974 </subfield></datafield><datafield ind1=" " ind2=" " tag="040"><subfield code="a">AQM</subfield><subfield code="b">eng</subfield><subfield code="c">AQM</subfield><subfield code="d">OCLCQ</subfield></datafield><datafield ind1="0" ind2=" " tag="130"><subfield code="a">Knightstown banner (Knightstown, Ind. : 1869)</subfield></datafield><datafield ind1="1" ind2="4" tag="245"><subfield code="a">The Knightstown banner.</subfield></datafield><datafield ind1="3" ind2="0" tag="246"><subfield code="a">Knightstown banner-shield</subfield></datafield><datafield ind1=" " ind2=" " tag="260"><subfield code="a">Knightstown, Ind. :</subfield><subfield code="b">[John A. Deem]</subfield></datafield><datafield ind1=" " ind2=" " tag="300"><subfield code="a">v. :</subfield><subfield code="b">ill. (chiefly advertisements) ;</subfield><subfield code="c">56-61 cm.</subfield></datafield><datafield ind1=" " ind2=" " tag="310"><subfield code="a">Weekly</subfield></datafield><datafield ind1="1" ind2=" " tag="362"><subfield code="a">Began between Jan. and June of 1869.</subfield></datafield><datafield ind1="0" ind2=" " tag="362"><subfield code="a">-v. 90, no. 10 (Mar. 7, 1957).</subfield></datafield><datafield ind1=" " ind2=" " tag="500"><subfield code="a">Editor: John A. Deem, &lt;1869-1876&gt;.</subfield></datafield><datafield ind1=" " ind2=" " tag="500"><subfield code="a">Beginning in the fall of 1880, for four months the Knightstown banner joined with the Knightstown shield to form the Knightstown banner-shield. After this time each resumed separate publication. The Knightstown shield was later absorbed by the Knightstown banner.</subfield></datafield><datafield ind1=" " ind2=" " tag="500"><subfield code="a">Publisher's name from Geo. P. Rowell &amp; Co., American Newspaper Directory.</subfield></datafield><datafield ind1=" " ind2=" " tag="500"><subfield code="a">Portion of June 18, 1869 issue containing publisher's name is missing.</subfield></datafield><datafield ind1=" " ind2=" " tag="588"><subfield code="a">Description based on: Vol. 3, no. 25 (June 18, 1869).</subfield></datafield><datafield ind1=" " ind2="7" tag="655"><subfield code="a">Newspapers.</subfield><subfield code="2">rbgenr</subfield></datafield><datafield ind1=" " ind2=" " tag="752"><subfield code="a">United States</subfield><subfield code="b">Indiana</subfield><subfield code="c">Henry</subfield><subfield code="d">Knightstown.</subfield></datafield><datafield ind1="0" ind2="0" tag="780"><subfield code="t">Knightstown weekly banner</subfield><subfield code="w">(DLC)sn 86058637</subfield></datafield><datafield ind1="1" ind2="5" tag="780"><subfield code="t">Knightstown shield</subfield><subfield code="w">(DLC)sn 86058631</subfield></datafield><datafield ind1="0" ind2="0" tag="785"><subfield code="t">Banner (Knightstown, Ind.)</subfield><subfield code="w">(DLC)sn 84045437</subfield></datafield><datafield ind1="1" ind2=" " tag="029"><subfield code="a">AU@</subfield><subfield code="b">000025829597</subfield></datafield></record>